@phdthesis{2011Contemporary,
	title={Contemporary cryptography},
	author={ Rolf, O. },
	school={Artech House, Inc.},
	year={2011},
}
@article{chanu2019survey,
	author={Chanu, Oinam Bidyapati and Neelima, Arambam},
	journal={International Journal of Multimedia Information Retrieval},
	title={A survey paper on secret image sharing schemes},
	volume={8},
	number={4},
	pages={195--215},
	year={2019},
	publisher={Springer},
	note={{\color{blue}
	\href{https://doi.org/10.1007/s13735-018-0161-3}
	{https://doi.org/10.1007/s13735-018-0161-3}}}
}
@article{shamir1979share,
	title={How to share a secret},
	author={Shamir, Adi},
	journal={Communications of the ACM},
	volume={22},
	number={11},
	pages={612--613},
	year={1979},
	publisher={ACm New York, NY, USA},
	note={{\color{blue}
	\href{https://doi.org/10.1145/359168.359176}
	{https://doi.org/10.1145/359168.359176}}}
}

@article{mceliece1981sharing,
	title={On sharing secrets and {Reed-Solomon} codes},
	author={McEliece, Robert J. and Sarwate, Dilip V.},
	journal={Communications of the ACM},
	volume={24},
	number={9},
	pages={583--584},
	year={1981},
	publisher={ACM New York, NY, USA},
	note={{\color{blue}
	\href{https://doi.org/10.1145/358746.358762}
	{https://doi.org/10.1145/358746.358762}}}
}

@inproceedings{blakley1979safeguarding,
	title={Safeguarding cryptographic keys},
	author={Blakley, George Robert},
	booktitle={International workshop on managing requirements knowledge},
	pages={313--313},
	year={1979},
	organization={IEEE Computer Society}
}

@article{wang2014simulatable,
	title={Simulatable and secure certificate-based threshold signature without pairings},
	author={Wang, Feng and Chang, Chin-Chen and Harn, Lein},
	journal={Security and Communication Networks},
	volume={7},
	number={11},
	pages={2094--2103},
	year={2014},
	publisher={Wiley Online Library},
	note={{\color{blue}
	\href{https://doi.org/10.1002/SEC.921}
	{https://doi.org/10.1002/SEC.921}}}
}

@article{hanaoka2002hierarchical,
	title={A hierarchical non-interactive key-sharing scheme with low memory size and high resistance against collusion attacks},
	author={Hanaoka, Goichiro and Nishioka, Tsuyoshi and Zheng, Yuliang and Imai, Hideki},
	journal={The Computer Journal},
	volume={45},
	number={3},
	pages={293--303},
	year={2002},
	publisher={OUP},
	note={{\color{blue}
	\href{https://doi.org/10.1093/comjnl/45.3.293}
	{https://doi.org/10.1093/comjnl/45.3.293}}}
}

@article{liu2017security,
	title={On the (in) security of recent group key distribution protocols},
	author={Liu, Jing and Wu, Yunyun and Liu, Xuezheng and Zhang, Yunchun and Xue, Gang and Zhou, Wei and Yao, Shaowen},
	journal={The Computer Journal},
	volume={60},
	number={4},
	pages={507--526},
	year={2017},
	publisher={Oxford University Press},
	note={{\color{blue}
	\href{https://doi.org/10.1093/comjnl/bxw061}
	{https://doi.org/10.1093/comjnl/bxw061}}}
}

@inproceedings{halpern2004rational,
	title={Rational secret sharing and multiparty computation},
	author={Halpern, Joseph and Teague, Vanessa},
	booktitle={Proceedings of the thirty-sixth annual ACM symposium on theory of computing},
	pages={623--632},
	year={2004}
}

@article{pilaram2021efficient,
	title={An efficient lattice-based threshold signature scheme using multi-stage secret sharing},
	author={Pilaram, Hossein and Eghlidos, Taraneh and Toluee, Rahim},
	journal={IET Information Security},
	volume={15},
	number={1},
	pages={98--106},
	year={2021},
	publisher={Wiley Online Library},
	note={{\color{blue}
	\href{https://doi.org/10.1049/ise2.12007}
	{https://doi.org/10.1049/ise2.12007}}}
}

@inproceedings{blanton2020improved,
	title={Improved building blocks for secure multi-party computation based on secret sharing with honest majority},
	author={Blanton, Marina and Kang, Ahreum and Yuan, Chen},
	booktitle={International conference on applied cryptography and network security},
	pages={377--397},
	year={2020},
	organization={Springer}
}

@article{iftene2007general,
	title={General secret sharing based on the {Chinese} remainder theorem with applications in e-voting},
	author={Iftene, Sorin},
	journal={Electronic Notes in Theoretical Computer Science},
	volume={186},
	pages={67--84},
	year={2007},
	publisher={Elsevier},
	note={{\color{blue}
	\href{https://doi.org/10.1016/j.entcs.2007.01.065}
	{https://doi.org/10.1016/j.entcs.2007.01.065}}}
}

@article{han2012attribute,
	title={Attribute-based oblivious access control},
	author={Han, Jinguang and Susilo, Willy and Mu, Yi and Yan, Jun},
	journal={The Computer Journal},
	volume={55},
	number={10},
	pages={1202--1215},
	year={2012},
	publisher={OUP},
	note={{\color{blue}
	\href{https://doi.org/10.1093/comjnl/bxs061}
	{https://doi.org/10.1093/comjnl/bxs061}}}
}

@article{thien2002secret,
	title={Secret image sharing},
	author={Thien, Chih-Ching and Lin, Ja-Chen},
	journal={Computers \& Graphics},
	volume={26},
	number={5},
	pages={765--770},
	year={2002},
	publisher={Elsevier},
	note={{\color{blue}
	\href{https://doi.org/10.1016/S0097-8493(02)00131-0}
	{https://doi.org/10.1016/S0097-8493(02)00131-0}}}
}
@article{kabirirad2019improvement,
	title={Improvement of $(n, n)$-multi-secret image sharing schemes based on Boolean operations},
	author={Kabirirad, Saeideh and Eslami, Ziba},
	journal={Journal of Information Security and Applications},
	volume={47},
	pages={16--27},
	year={2019},
	publisher={Elsevier},
	note={{\color{blue}
	\href{https://doi.org/10.1016/j.jisa.2019.03.018}
	{https://doi.org/10.1016/j.jisa.2019.03.018}}}
}

@article{kumar2022extending,
	title={Extending boolean operations-based secret image sharing to compartmented access structure},
	author={Kumar, Sachin},
	journal={Multimedia Tools and Applications},
	pages={1--20},
	year={2022},
	publisher={Springer},
	note={{\color{blue}
	\href{https://doi.org/10.1007/s11042-021-11554-z}
	{https://doi.org/10.1007/s11042-021-11554-z}}}
}

@article{xiong2021cp,
	title={{CP-PSIS: CRT} and polynomial-based progressive secret image sharing},
	author={Xiong, Lizhi and Han, Xiao and Yang, Ching-Nung},
	journal={Signal Processing},
	volume={185},
	pages={108064},
	year={2021},
	publisher={Elsevier},
	note={{\color{blue}
	\href{https://doi.org/10.1016/j.sigpro.2021.108064}
	{https://doi.org/10.1016/j.sigpro.2021.108064}}}
}

@inproceedings{prasetyo2019xor,
	title={{XOR}-ed Based Friendly-Progressive Secret Sharing},
	author={Prasetyo, Heri and Simatupang, Joni Wolman},
	booktitle={2019 International Symposium on Intelligent Signal Processing and Communication Systems (ISPACS)},
	pages={1--2},
	year={2019},
	organization={IEEE}
}

@article{beimel1994universally,
	title={Universally ideal secret-sharing schemes},
	author={Beimel, Amos and Chor, Benny},
	journal={IEEE Transactions on Information Theory},
	volume={40},
	number={3},
	pages={786--794},
	year={1994},
	publisher={IEEE},
}

@article{hansen2017secret,
	title={Secret sharing schemes with strong multiplication and a large number of players from toric varieties},
	author={Hansen, Johan P},
	journal={Contemp. Math},
	volume={686},
	pages={171--185},
	year={2017},
	note={{\color{blue}
	\href{https://doi.org/10.1090/conm/686/13783}
	{https://doi.org/10.1090/conm/686/13783}}}
}

@article{wang2006secret,
	title={Secret image sharing with smaller shadow images},
	author={Wang, Ran-Zan and Su, Chin-Hui},
	journal={Pattern Recognition Letters},
	volume={27},
	number={6},
	pages={551--555},
	year={2006},
	publisher={Elsevier},
	note={{\color{blue}
	\href{https://doi.org/10.1016/j.patrec.2005.09.021}
	{https://doi.org/110.1016/j.patrec.2005.09.021}}}
}

@article{sun1994construction,
	title={Construction of dynamic threshold schemes},
	author={Sun, HM and Shieh, Shiuh-Pyng and others},
	journal={Electronics Letters},
	volume={30},
	number={24},
	pages={2023--2025},
	year={1994},
	note={{\color{blue}
	\href{https://doi.org/10.1049/el:19941411}
	{https://doi.org/10.1049/el:19941411}}}
}

@article{xing2022information,
	title={Information hiding in the sharing domain},
	author={Xing, Fengyue and Yan, Xuehu and Yu, Long and Sun, Yuyuan},
	journal={Journal of Visual Communication and Image Representation},
	volume={86},
	pages={103520},
	year={2022},
	publisher={Elsevier},
	note={{\color{blue}
	\href{https://doi.org/10.1016/j.jvcir.2022.103520}
	{https://doi.org/10.1016/j.jvcir.2022.103520}}}
}

@article{qin2021reversible,
	title={Reversible Data Hiding in Encrypted Image via Secret Sharing Based on {GF (p)} and {GF ($2^{8}$)}},
	author={Qin, Chuan and Jiang, Chanyu and Mo, Qun and Yao, Heng and Chang, Chin-Chen},
	journal={IEEE Transactions on Circuits and Systems for Video Technology},
	volume={32},
	number={4},
	pages={1928--1941},
	year={2021},
	publisher={IEEE},
	note={{\color{blue}
	\href{https://doi.org/10.1109/TCSVT.2021.3091319}
	{https://doi.org/10.1109/TCSVT.2021.3091319}}}
}
@inproceedings{stangl2018fast,
	title={A fast and resource efficient {FPGA} implementation of secret sharing for storage applications},
	author={Stangl, Jakob and Lor{\"u}nser, Thomas and Dinakarrao, Sai Manoj Pudukotai},
	booktitle={2018 Design, Automation \& Test in Europe Conference \& Exhibition (DATE)},
	pages={654--659},
	year={2018},
	organization={IEEE}
}
@inproceedings{patel2020arithmetic,
	title={Arithmetic and Boolean secret sharing {MPC} on {FPGAs} in the data center},
	author={Patel, Rushi and Wolfe, Pierre-Fran{\c{c}}ois and Munafo, Robert and Varia, Mayank and Herbordt, Martin},
	booktitle={2020 IEEE High Performance Extreme Computing Conference (HPEC)},
	pages={1--8},
	year={2020},
	organization={IEEE}
}
@article{PAN2022103405,
	title = {Visual cryptography scheme for secret color images with color {QR} codes},
	journal = {Journal of Visual Communication and Image Representation},
	volume = {82},
	pages = {103405},
	year = {2022},
	issn = {1047-3203},
	author = {Jeng-Shyang Pan and Tao Liu and Hong-Mei Yang and Bin Yan and Shu-Chuan Chu and Tongtong Zhu},
}
@article{PAN2021104049,
	title = {Digital watermarking with improved {SMS} applied for {QR} code},
	journal = {Engineering Applications of Artificial Intelligence},
	volume = {97},
	pages = {104049},
	year = {2021},
	issn = {0952-1976},
	author = {Jeng-Shyang Pan and Xiao-Xue Sun and Shu-Chuan Chu and Ajith Abraham and Bin Yan},
	note={{\color{blue}
	\href{https://doi.org/10.1016/j.engappai.2020.104049}
	{https://doi.org/10.1016/j.engappai.2020.104049}}}
}
@article{article,
	author = {Liu, Tao and Yan, Bin and Pan, Jeng-Shyang},
	year = {2019},
	month = {11},
	pages = {},
	title = {Color Visual Secret Sharing for {QR} Code with Perfect Module Reconstruction},
	volume = {9},
	journal = {Applied Sciences},
	note={{\color{blue}
	\href{https://doi.org/10.3390/app9214670}
	{https://doi.org/10.3390/app9214670}}}
}
@article{article12,
	author = {cptbtptpss},
	year = {2014},
	note={{\color{blue}
	\href{https://blog.csdn.net/bupt073114/article/details/27382533}
	{https://blog.csdn.net/bupt073114/article/details/27382533}}}
}

@article{article13,
	author = {LUOTUO44},
	year = {2014},
	note={{\color{blue}
	\href{https://blog.csdn.net/luotuo44/article/details/41645597}
	{https://blog.csdn.net/luotuo44/article/details/41645597}}}
}